<?xml version="1.0" encoding="UTF-8"?><collection xmlns="http://www.loc.gov/MARC21/slim"><record><leader>00354nam--2200133-i-4500</leader><controlfield tag="001">000015805</controlfield><controlfield tag="002">20161230</controlfield><controlfield tag="005">20161230201031</controlfield><controlfield tag="008">060222s1000------------r-----000-0-eng-d</controlfield><datafield ind1=" " ind2=" " tag="080"><subfield code="a">539.12.162.8</subfield></datafield><datafield ind1=" " ind2=" " tag="245"><subfield code="a">Quark model and high energy collisions</subfield></datafield><datafield ind1=" " ind2=" " tag="260"><subfield code="a">Singapore, World Scientific, 1985 Xii + 435 P</subfield></datafield><datafield ind1=" " ind2=" " tag="700"><subfield code="a">Anisovich, V.V./S.A.</subfield></datafield><datafield ind1=" " ind2=" " tag="852"><subfield code="a">73882</subfield></datafield></record></collection>